
@book{Manfredi2002,
	cat = {PRINCIPAL HISTORIA REDE FEDERAL},
	author = {Manfredi, Silvia Maria},
	mendeley-groups = {tcc-epct},
	title = {{Educa{\c{c}}{\~{a}}o Profissional no Brasil}},
	year = {2002}
}

@book{Bussab2006,
	address = {S{\~{a}}o Paulo},
	author = {Bussab, Wilton de O. and Morettin, Pedro A.},
	mendeley-groups = {tcc-epct},
	publisher = {Saraiva},
	title = {{Estat{\'{i}}stica b{\'{a}}sica}},
	year = {2006}
}


@misc{NumpySciPy,
	author = {{SciPy/SciPy Community}},
	mendeley-groups = {tcc-epct},
	title = {{Numpy and SciPy Documentation}},
	url = {https://scipy.org/},
	urldate = {2018-11-14},
	urlaccessdate = {14 nov. 2018},
	year = {2018}
}

@misc{PlataformaNiloPecanha2018,
	authorX = {Setec/MEC},
	mendeley-groups = {tcc-epct},
	shorttitle = {PECANHA},
	title = {PNP - {Plataforma Nilo Pe{\c{c}}anha}},
	Org-Short = {PNP},
	url = {https://www.plataformanilopecanha.org/},
	urldate = {2018-09-01},
	Urlaccessdate = {18 set. 2018},
	year = {2018}
}

@misc{Lei12711,
	abstract = {No preenchimento das vagas de que trata o caput deste artigo, 50% (cinquenta por cento) dever{\~{a}}o ser reservados aos estudantes oriundos de fam{\'{i}}lias com renda igual ou inferior a 1,5 sal{\'{a}}rio-m{\'{i}}nimo (um sal{\'{a}}rio-m{\'{i}}nimo e meio) per capita},
	author = {BRASIL},
	mendeley-groups = {tcc-epct},
	shorttitle = {LEI N{\textordmasculine} 12.711/2012},
	title = {{LEI N{\textordmasculine} 12.711, DE 29 DE AGOSTO DE 2012}},
	url = {http://www.planalto.gov.br/ccivil_03/_ato2011-2014/2012/lei/l12711.htm},
	urldate = {2018-10-10},
	urlaccessdate = {10 out. 2018},
	year = {2012}
}

@misc{ifinstituicoes,
	author = {Setec/MEC},
	mendeley-groups = {tcc-epct},
	title = {{Institui{\c{c}}{\~{o}}es da Rede}},
	url = {http://redefederal.mec.gov.br/instituicoes},
	urldate = {2018-11-01},
	urlaccessdate = {01 nov. 2018},
	year = {2016}
}

@misc{Decreto47038BRASIL1959,
	abstract = {Decreto n{\textordmasculine} 47.038, de 16 de outubro de 1959. Regulamenta a Lei 3.552/59},
	author = {BRASIL},
	mendeley-groups = {tcc-epct},
	shorttitle = {Decreto n{\textordmasculine} 47.038},
	title = {{Decreto n{\textordmasculine} 47.038, de 16 de Outubro de 1959}},
	urldate = {2018-10-12},
	urlaccessdate = {12 out. 2018},
	year = {1959},
	url = {http://www2.camara.leg.br/legin/fed/decret/1950-1959/decreto-47038-16-outubro-1959-386194-publicacaooriginal-1-pe.html}
}

@manual{abntex2modelo,
	Annote = {Este documento {\'e} derivado do \cite{abnt-bibtex-doc}},
	Author = {Lauro C{\'e}sar Araujo},
	Date-Added = {2013-01-12 22:55:32 +0000},
	Date-Modified = {2015-04-27 22:43:32 +0000},
	Organization = {Equipe abnTeX2},
	Title = {Modelo Can{\^o}nico de Trabalho Acad{\^e}mico com abnTeX2},
	Url = {http://www.abntex.net.br/},
	Year = {2015},
	Bdsk-Url-1 = {http://www.abntex.net.br/}}

@manual{abntex2classe,
	Author = {Lauro C{\'e}sar Araujo},
	Date-Added = {2013-01-09 10:37:38 +0000},
	Date-Modified = {2015-04-27 22:42:47 +0000},
	Organization = {Equipe abnTeX2},
	Title = {A classe abntex2: Modelo can{\^o}nico de trabalhos acad{\^e}micos brasileiros compat{\'\i}vel com as normas ABNT NBR 14724:2011, ABNT NBR 6024:2012 e outras},
	Url = {http://www.abntex.net.br/},
	Year = {2015},
	Bdsk-Url-1 = {http://www.abntex.net.br/}}